[gd_scene load_steps=22 format=2]

[ext_resource path="res://Scripts/Player.gd" type="Script" id=1]
[ext_resource path="res://Assets/Base pack/Player/p1_front.png" type="Texture" id=2]
[ext_resource path="res://Assets/Base pack/Player/p1_duck.png" type="Texture" id=3]
[ext_resource path="res://Assets/Base pack/Player/p1_walk/PNG/p1_walk01.png" type="Texture" id=4]
[ext_resource path="res://Assets/Base pack/Player/p1_walk/PNG/p1_walk02.png" type="Texture" id=5]
[ext_resource path="res://Assets/Base pack/Player/p1_walk/PNG/p1_walk03.png" type="Texture" id=6]
[ext_resource path="res://Assets/Base pack/Player/p1_walk/PNG/p1_walk04.png" type="Texture" id=7]
[ext_resource path="res://Assets/Base pack/Player/p1_walk/PNG/p1_walk05.png" type="Texture" id=8]
[ext_resource path="res://Assets/Base pack/Player/p1_walk/PNG/p1_walk06.png" type="Texture" id=9]
[ext_resource path="res://Assets/Base pack/Player/p1_walk/PNG/p1_walk07.png" type="Texture" id=10]
[ext_resource path="res://Assets/Base pack/Player/p1_walk/PNG/p1_walk08.png" type="Texture" id=11]
[ext_resource path="res://Assets/Base pack/Player/p1_walk/PNG/p1_walk09.png" type="Texture" id=12]
[ext_resource path="res://Assets/Base pack/Player/p1_walk/PNG/p1_walk10.png" type="Texture" id=13]
[ext_resource path="res://Assets/Base pack/Player/p1_walk/PNG/p1_walk11.png" type="Texture" id=14]
[ext_resource path="res://Assets/Base pack/Player/p1_jump.png" type="Texture" id=15]
[ext_resource path="res://Scenes/Healthbar.tscn" type="PackedScene" id=16]
[ext_resource path="res://Scenes/Textbox.tscn" type="PackedScene" id=17]

[sub_resource type="RectangleShape2D" id=1]
extents = Vector2( 37.2828, 48.098 )

[sub_resource type="SpriteFrames" id=2]
animations = [ {
"frames": [ ExtResource( 2 ) ],
"loop": true,
"name": "idle",
"speed": 5.0
}, {
"frames": [ ExtResource( 3 ) ],
"loop": true,
"name": "duck",
"speed": 5.0
}, {
"frames": [ ExtResource( 4 ), ExtResource( 5 ), ExtResource( 6 ), ExtResource( 7 ), ExtResource( 8 ), ExtResource( 9 ), ExtResource( 10 ), ExtResource( 11 ), ExtResource( 12 ), ExtResource( 13 ), ExtResource( 14 ) ],
"loop": true,
"name": "dash",
"speed": 10.0
}, {
"frames": [ ExtResource( 15 ) ],
"loop": true,
"name": "jump",
"speed": 5.0
}, {
"frames": [ ExtResource( 4 ), ExtResource( 5 ), ExtResource( 6 ), ExtResource( 7 ), ExtResource( 8 ), ExtResource( 9 ), ExtResource( 10 ), ExtResource( 11 ) ],
"loop": true,
"name": "walk",
"speed": 5.0
} ]

[sub_resource type="Animation" id=3]
resource_name = "FadeIn"
length = 0.8
step = 0.4
tracks/0/type = "value"
tracks/0/path = NodePath("FadeCanvasLayer/BackdropColorRect:color")
tracks/0/interp = 1
tracks/0/loop_wrap = true
tracks/0/imported = false
tracks/0/enabled = true
tracks/0/keys = {
"times": PoolRealArray( 0, 0.6 ),
"transitions": PoolRealArray( 1, 1 ),
"update": 0,
"values": [ Color( 0, 0, 0, 1 ), Color( 0, 0, 0, 0 ) ]
}

[sub_resource type="Animation" id=4]
length = 0.8
step = 0.5
tracks/0/type = "value"
tracks/0/path = NodePath("FadeCanvasLayer/BackdropColorRect:color")
tracks/0/interp = 1
tracks/0/loop_wrap = true
tracks/0/imported = false
tracks/0/enabled = true
tracks/0/keys = {
"times": PoolRealArray( 0, 0.5 ),
"transitions": PoolRealArray( 1, 1 ),
"update": 0,
"values": [ Color( 0, 0, 0.00784314, 0 ), Color( 0, 0, 0, 1 ) ]
}

[node name="Player" type="KinematicBody2D" groups=[
"player",
]]
position = Vector2( 51.4892, 36.9852 )
script = ExtResource( 1 )
scene_to_load = "Game over"

[node name="CollisionShape2D" type="CollisionShape2D" parent="."]
position = Vector2( -1.3107, -1.04241 )
shape = SubResource( 1 )

[node name="Sprite" type="AnimatedSprite" parent="."]
position = Vector2( -2.77321, -3.34935 )
frames = SubResource( 2 )
animation = "duck"
playing = true

[node name="Camera2D" type="Camera2D" parent="."]
current = true

[node name="AnimationPlayer" type="AnimationPlayer" parent="."]
anims/FadeIn = SubResource( 3 )
anims/FadeOut = SubResource( 4 )

[node name="Healthbar" parent="." instance=ExtResource( 16 )]
margin_left = -53.5181
margin_top = -67.7535
margin_right = -53.5181
margin_bottom = -67.7535
rect_scale = Vector2( 0.5, 0.5 )

[node name="Textbox" parent="." instance=ExtResource( 17 )]
position = Vector2( -24.0086, -288.103 )

[node name="FadeCanvasLayer" type="CanvasLayer" parent="."]
editor/display_folded = true

[node name="BackdropColorRect" type="ColorRect" parent="FadeCanvasLayer"]
margin_left = 177.869
margin_top = 24.8665
margin_right = 217.869
margin_bottom = 64.8665
color = Color( 0, 0, 0, 0 )
[connection signal="health_updated" from="." to="Healthbar" method="_on_Player_health_updated"]
